%%% ====================================================================
%%%  BibTeX-file{
%%%     author          = "Gerry Murray",
%%%     version         = "1.2",
%%%     date            = "2 April 2012",
%%%     filename        = "acmsmall-sample-bibfile.bib",
%%%     address         = "ACM, NY",
%%%     email           = "murray at hq.acm.org",
%%%     codetable       = "ISO/ASCII",
%%%     keywords        = "ACM Reference Format, bibliography, citation, references",
%%%     supported       = "yes",
%%%     docstring       = "This BibTeX database file contains 'bibdata' entries
%%%                        that 'match' the examples provided in the Specifications Document
%%%                        AND, also, 'legacy'-type bibs. It should assist authors in 
%%%                        choosing the 'correct' at-bibtype and necessary bib-fields
%%%                        so as to obtain the appropriate ACM Reference Format output. 
%%%			   It also contains many 'Standard Abbreviations'. "
%%%  }
%%% ====================================================================



%Entries

@article{stanley2019designing,
  title={Designing neural networks through neuroevolution},
  author={Stanley, Kenneth O and Clune, Jeff and Lehman, Joel and Miikkulainen, Risto},
  journal={Nature Machine Intelligence},
  volume={1},
  number={1},
  pages={24--35},
  year={2019}
}

@article{karinepaper,
    author = "De Araújo, K. D., & De França, F. O.",
    title = "An electronic-game framework for evaluating coevolutionary algorithms",
    journal = "arXiv preprint",
    year = "2016"
}

@article{review-deap,
    author = "Kim, J., Yoo, S.",
    title = "Software review: DEAP (Distributed Evolutionary Algorithm in Python) library",
    journal = "Genet Program Evolvable Mach 20, 139–142",
    year = "2019"
}

@article{evocomp-review,
    author = "Sloss, Andrew N. and Gustafson, Steven",
    title = "2019 Evolutionary Algorithms Review",
    journal = "Genetic Programming Theory and Practice XVII",
    year = "2020",
}

@article{pop-diversity,
    author = "Sudholt, Dirk",
    title = "The Benefits of Population Diversity in Evolutionary Algorithms: A Survey of Rigorous Runtime Analyses",
    journal = "Evolutionary Computation",
    year = "2012",
    url = "1"
}

@article{bhattacharya_2014, title={Diversity Handling In Evolutionary Landscape}, url={https://arxiv.org/abs/1411.4148}, DOI={https://doi.org/10.48550/arXiv.1411.4148}, booktitle={arXiv.org}, author={Bhattacharya, Maumita}, year={2014}, month={Nov} }

@article{morrison_de_2002, title={Measurement of Population Diversity}, DOI={https://doi.org/10.1007/3-540-46033-0_3}, journal={Lecture Notes in Computer Science}, author={Morrison, Ronald and De, Kenneth A}, year={2002}, month={Jan}, pages={31–41} }

@inproceedings{nikfarjam_bossek_neumann_neumann_2021, title={Entropy-Based Evolutionary Diversity Optimisation for the Traveling Salesperson Problem}, url={https://arxiv.org/abs/2104.13538}, DOI={https://doi.org/10.1145/3449639.3459384}, booktitle={arXiv.org}, author={Nikfarjam, Adel and Bossek, Jakob and Neumann, Aneta and Neumann, Frank}, year={2021}, month={Jun}, pages={600–608} }

@inproceedings{smit_eiben_2009, title={Using Entropy for Parameter Analysis of Evolutionary Algorithms}, url={https://research.vu.nl/en/publications/using-entropy-for-parameter-analysis-of-evolutionary-algorithms}, booktitle={Vrije Universiteit Amsterdam}, publisher={Springer}, author={Smit, S.K. and Eiben, A.E.}, editor={Bartz-Beielstein, T.}, year={2009} }

@inproceedings{sudholt_2018, title={The Benefits of Population Diversity in Evolutionary Algorithms: A Survey of Rigorous Runtime Analyses}, url={https://arxiv.org/abs/1801.10087}, DOI={https://doi.org/10.48550/arXiv.1801.10087}, booktitle={arXiv.org}, author={Sudholt, Dirk}, year={2018}, month={Jan} }

 @inproceedings{watson_messer_2001, title={Increasing Diversity in Genetic Algorithms}, DOI={https://doi.org/10.1007/978-3-7908-1829-1_14}, author={Watson, Tim and Messer, Peter}, year={2001}, month={Jan}, pages={116–123} }

@misc{deap_reference,
  title = {Complete Algorithms - DEAP 1.3.1 documentation},
  howpublished = {\url{https://deap.readthedocs.io/en/master/api/algo.html#complete-algorithms}},
}

@misc{Brownlee_2021, 
title = {Evolution strategies from scratch in python}, 
 URL = {https://machinelearningmastery.com/evolution-strategies-from-scratch-in-python/}, 
journal={MachineLearningMastery.com},
author={Brownlee, Jason}, 
year={2021}, 
month={Oct}} 




















